@misc{glisc,
	author={{Grey Literature International Steering Committee}},
	title={{GLISC}},
	month={oct},
	year={2014},
	note = "[Online; acedido em Outubro 2014]"
}
@misc{codeua,
	title={CODE UA},
	howpublished = {\url{https://code.ua.pt/}},
}
@misc{git,
	title={Git},
	howpublished = {\url{https://git-scm.com/}},
}
@misc{icon,
	title={Icone usado},
	howpublished = {\url{https://www.pngwing.com/en/free-png-nzfnw}},
}
@misc{checkboxes,
	title={Checkboxes usadas},
	howpublished = {\url{https://stackoverflow.com/questions/30708401/replace-the-tick-mark-of-a-html-check-box-with-an-image-or-any-other-symbol}},
}
@misc{volslider,
	title={Controlo de volume},
	howpublished = {\url{https://stackoverflow.com/questions/30708401/replace-the-tick-mark-of-a-html-check-box-with-an-image-or-any-other-symbol}},
}
@misc{audioplayer,
	title={Audio Player (código)},
	howpublished = {\url{https://www.youtube.com/watch?v=5apeHpZtDH4&t}},
}
@misc{gradientetexto,
	title={Texto com gradiente (código)},
	howpublished = {\url{https://cssgradient.io/blog/css-gradient-text/}},
}
@misc{librariabootstrap,
	title={Livraria do Twitter Bootstrap},
	howpublished = {\url{https://getbootstrap.com}}
}
@misc{schools,
	title={W3Schools},
	howpublished = {\url{https://www.w3schools.com}},
}
@misc{stackoverflow,
	title={Stack Overflow},
	howpublished = {\url{https://stackoverflow.com}},
}
@misc{spify,
	title={Spify (Template utilizado)},
	howpublished = {\url{https://themewagon.com/themes/free-bootstrap-4-html-5-business-website-template-spify/}},
}
